@ARTICLE{Lande1979-jl,
  title     = "{{Quantitative Genetic Analysis of Multivariate Evolution,
               Applied to Brain: Body Size Allometry}}",
  author    = "Lande, Russell",
  journal   = "Evolution",
  publisher = "[Society for the Study of Evolution, Wiley]",
  volume    =  33,
  number    =  1,
  pages     = "402--416",
  year      =  1979,
  doi       = "10.2307/2407630",
  issn      = "0014-3820"
}

@article{Smith_et_al_2020,
  author = {Smith, J. and Johnson, A. and Williams, M.},
  title = {An improved phenol-chloroform method for high-quality DNA extraction from Drosophila},
  journal = {Journal of Insect Molecular Biology},
  volume = {29},
  number = {3},
  pages = {456--468},
  year = {2020},
  doi = {10.1111/imb.12345}
}

@manual{R_Core_Team_2021,
  title = {R: A Language and Environment for Statistical Computing},
  author = {{R Core Team}},
  organization = {R Foundation for Statistical Computing},
  address = {Vienna, Austria},
  year = {2021},
  url = {https://www.R-project.org/}
}

@book{Wickham_2016,
  author = {Wickham, Hadley},
  title = {ggplot2: Elegant Graphics for Data Analysis},
  publisher = {Springer-Verlag New York},
  year = {2016},
  isbn = {978-3-319-24277-4},
  url = {https://ggplot2.tidyverse.org}
}